@article{demystified,
	author = {Jonas Olsson},
	title = {{6LoWPAN demystified}},
	year = {2014},
	publisher = {TI},
	note = {\url{http://www.ti.com/lit/wp/swry013/swry013.pdf}}
}
@article{cc2538-user-guide,
	title = {{User’s Guide}},
	year = {2014},
	publisher = {TI},
	note = {\url{http://www.ti.com/lit/ug/swru333a/swru333a.pdf}}
}
@article{smartrf06-user-guide,
	title = {{SmartRF06 Evaluation Board User’s Guide}},
	year = {2013},
	publisher = {TI},
	note = {\url{http://www.ti.com/lit/ug/swru321a/swru321a.pdf}}
}
@article{sniffer-user-guide,
	title = {{SmartRF Packet Sniffer User’s Manual}},
	year = {2014},
	publisher = {TI},
	note = {\url{http://www.ti.com/lit/ug/swru187g/swru187g.pdf}}
}
@article{eymery,
	author = {Maxime Eymery},
	title = {{Étude des réseaux PAN}},
	year = {2015},
	publisher = {Orange Application for Business and ISIMA}
}
