@article{bsl,
	title = {{cc2538-bsl’s README}},
	author = {Jelmer Tiete},
	year = {2015},
	note = {\url{https://github.com/JelmerT/cc2538-bsl}}
}
@article{getting-started,
	title = {{Get Started with Contiki, Instant Contiki and Cooja}},
	note = {\url{http://www.contiki-os.org/start.html}}
}
@article{contiki-cc2538,
	title = {{Getting Started with Contiki for TI CC2538DK}},
	author = {Contiki community},
	note = {\url{https://github.com/contiki-os/contiki/tree/master/platform/cc2538dk}}
}
@article{servreg-hack,
	title = {{A service registration and diseemination hack}},
	author = {Contiki community},
	note = {\url{http://www.eistec.se/docs/contiki/a02102.html}}
}
@article{etimer,
	title = {{Event timers}},
	author = {Contiki community},
	note = {\url{http://www.eistec.se/docs/contiki/a02187.html}}
}
@article{protothreads,
	title = {{Protothreads}},
	author = {Contiki community},
	note = {\url{http://www.eistec.se/docs/contiki/a02320.html}}
}	
@article{processes,
	title = {{Processes}},
	author = {Contiki community},
	note = {\url{https://github.com/contiki-os/contiki/wiki/Processes}}
}
@article{xbee-shield,
	title = {{XBee Shield V2.0}},
	author = {Seeed Studio},
	note = {\url{http://www.seeedstudio.com/wiki/XBee_Shield_V2.0}}
}
@article{sicslowpan-telecom,
	title = {{Arduino $\mu$IPv6 Stack}},
	author = {Télécom Bretagne},
	note = {\url{https://github.com/telecombretagne/Arduino-IPv6Stack}}
}
@article{sicslowpan-chuljin,
	title = {{Arduino $\mu$IPv6 Stack}},
	note = {\url{https://github.com/chuljin/Arduino-IPv6Stack}}
}
